
@book{Held2020,
  doi = {10.1007/978-3-662-60792-3},
  url = {https://doi.org/10.1007/978-3-662-60792-3},
  year = {2020},
  publisher = {Springer Berlin Heidelberg},
  author = {Leonhard Held and Daniel Saban{\'{e}}s-Bov{\'{e}}},
  title = {Likelihood and Bayesian Inference}
}

@misc{wiki_multicoll,
   author = "Wikipedia",
   title = "{Multicollinearity} --- {W}ikipedia{,} The Free Encyclopedia",
   year = "2022",
   howpublished = {\url{http://en.wikipedia.org/w/index.php?title=Multicollinearity&oldid=1126705545}},
   note = "[Online; accessed 26-December-2022]"
 }


@article{Boulesteix2020,
  doi = {10.1136/bmjopen-2020-039921},
  url = {https://doi.org/10.1136/bmjopen-2020-039921},
  year = {2020},
  month = dec,
  publisher = {{BMJ}},
  volume = {10},
  number = {12},
  pages = {e039921},
  author = {Anne-Laure Boulesteix and Rolf HH Groenwold and Michal Abrahamowicz and Harald Binder and Matthias Briel and Roman Hornung and Tim P Morris and J\"{o}rg Rahnenf\"{u}hrer and Willi Sauerbrei},
  title = {Introduction to statistical simulations in health research},
  journal = {{BMJ} Open}
}

